 
@misc{githubwiki,
    title = "Our Github Wiki",
    author="Ultan Kearns Paul Kenny",
    note="\url{google.com}"
}
@misc{Kivy,
    title = "Kivy Library",
    author="Multiple",
    note="\url{https://kivy.org/#home}"
}
@misc{Python,
    title = "Python",
    author="Multiple",
    note="\url{https://www.python.org/}"
}
@misc{KivyDocs,
    title = "Kivy Documentation",
    author="Multiple",
    note="\url{https://kivy.org/doc/stable/}"
}
@misc{SpeechRecognition,
    title = "SpeechRecognition Library",
    author="Multiple/Unknown",
    note="\url{google.com}"
}
@misc{MoonwalkWithEinstein,
    title = "Moonwalking with Einstein",
    author="Joshua Foer",
    note="\url{https://www.goodreads.com/book/show/6346975-moonwalking-with-einstein}"
}